<?xml version="1.0" encoding="UTF-8"?><collection xmlns="http://www.loc.gov/MARC21/slim"><record><leader>00566nam--2200193-i-4500</leader><controlfield tag="001">000022602</controlfield><controlfield tag="002">20161230</controlfield><controlfield tag="005">20161230201034</controlfield><controlfield tag="008">060222s1000------------r-----000-0-eng-d</controlfield><datafield ind1=" " ind2=" " tag="040"><subfield code="a">IFIN-HH</subfield></datafield><datafield ind1=" " ind2=" " tag="080"><subfield code="a">577.391</subfield></datafield><datafield ind1="1" ind2=" " tag="100"><subfield code="a">Hunt, Edward L</subfield></datafield><datafield ind1="1" ind2="0" tag="245"><subfield code="a">Ionizing radiation: neural function and behavior</subfield><subfield code="c">Edward l. hunt, donald j. kimeldorf</subfield></datafield><datafield ind1=" " ind2=" " tag="260"><subfield code="a">New York</subfield><subfield code="b">Academic Press</subfield><subfield code="c">1965</subfield></datafield><datafield ind1=" " ind2=" " tag="300"><subfield code="a">XII + 331 P</subfield></datafield><datafield ind1=" " ind2=" " tag="490"><subfield code="a">Monograph Series On Radiation Biology</subfield></datafield><datafield ind1="1" ind2=" " tag="700"><subfield code="a">Kimeldorf, Donald J</subfield></datafield><datafield ind1=" " ind2=" " tag="852"><subfield code="a">24791</subfield><subfield code="c">539.12.04</subfield></datafield><datafield ind1=" " ind2=" " tag="CAT"><subfield code="a">Sys</subfield><subfield code="c">20120206</subfield><subfield code="h">160813</subfield></datafield></record></collection>